@book{ltxprimer,
  title={\LaTeX{} Tutorials},
  author={Indian \TeX{} Users Group},
  editor={E. Krishnan},
  year={2003},
  publisher={Indian \TeX{} Users Group},
  url={https://www.tug.org/twg/mactex/tutorials/ltxprimer-1.0.pdf}
}
@book{beameruserguide,
  title={beamer文档类用户手册},
  author={Till Tantau and Joseph Wright and Vedran Miletić and 黄旭华},
  year={2011},
  url={https://raw.githubusercontent.com/latexstudio/LaTeXPackages-CN/master/beamer/beamer%E7%94%A8%E6%88%B7%E6%89%8B%E5%86%8C%EF%BC%88V3.24%EF%BC%89%E4%B8%AD%E8%AF%91%E7%89%88.pdf}
}
@booklet{install-latex-guide-zh-cn,
  author          = {王然},
  title           = {一份简短的关于\LaTeX{}安装的介绍},
  year            = {2022},
  url             = {https://github.com/OsbertWang/install-latex-guide-zh-cn},
}
@book{lshort,
  author         = {Tobias Oetiker and Hubert Partl and Irene Hyna and Elisabeth Schlegl and C\TeX{}开发小组},
  title          = {一份（不太）简短的\LaTeXe{}介绍},
  year           = {2021},
  url            = {https://github.com/CTeX-org/lshort-zh-cn/},
}
@book{biblatex,
  author         = {Philip Kime and Moritz Wemheuer and Philipp Lehman},
  title          = {The \texttt{biblatex} Package - Programmable Bibliographies and Citations},
  year           = {2022}
}